<record><leader>00000cas a2200000Ma 4500</leader><controlfield tag="001">10992096</controlfield><controlfield tag="008">840727d184118uumaudn ne      0   a0eng d</controlfield><datafield ind1=" " ind2=" " tag="010"><subfield code="a">sn 84023759 </subfield></datafield><datafield ind1=" " ind2=" " tag="040"><subfield code="a">AQM</subfield><subfield code="b">eng</subfield><subfield code="c">AQM</subfield><subfield code="d">OCLCQ</subfield></datafield><datafield ind1="0" ind2="4" tag="245"><subfield code="a">The Morning star, and temperance advocate.</subfield></datafield><datafield ind1=" " ind2=" " tag="260"><subfield code="a">Boston [Mass.] :</subfield><subfield code="b">James Burns,</subfield><subfield code="c">1841-</subfield></datafield><datafield ind1=" " ind2=" " tag="300"><subfield code="a">v. ;</subfield><subfield code="c">48 cm.</subfield></datafield><datafield ind1=" " ind2=" " tag="310"><subfield code="a">Daily (except Sun.)</subfield></datafield><datafield ind1="0" ind2=" " tag="362"><subfield code="a">Vol. 1, no. 1 (May 24, 1841)-</subfield></datafield><datafield ind1=" " ind2=" " tag="500"><subfield code="a">Editor: O. Porter, 1841.</subfield></datafield><datafield ind1=" " ind2=" " tag="500"><subfield code="a">Publishers: Burns &amp; Porter, 1841; W.S. Damrell, &lt;1841&gt;.</subfield></datafield><datafield ind1=" " ind2=" " tag="500"><subfield code="a">Printer: I. May, &lt;1841&gt;.</subfield></datafield><datafield ind1=" " ind2=" " tag="580"><subfield code="a">Weekly ed.: Weekly star, and temperance advocate.</subfield></datafield><datafield ind1=" " ind2="7" tag="655"><subfield code="a">Temperance newspapers.</subfield><subfield code="2">ngl</subfield></datafield><datafield ind1="1" ind2=" " tag="700"><subfield code="a">Porter, Oliver.</subfield></datafield><datafield ind1=" " ind2=" " tag="752"><subfield code="a">United States</subfield><subfield code="b">Massachusetts</subfield><subfield code="c">Suffolk</subfield><subfield code="d">Boston.</subfield></datafield><datafield ind1="1" ind2=" " tag="775"><subfield code="t">Weekly star, and temperance advocate</subfield><subfield code="w">(DLC)sn 84023750</subfield></datafield><datafield ind1="1" ind2=" " tag="029"><subfield code="a">AU@</subfield><subfield code="b">000025827686</subfield></datafield></record>